@article{schmidt2017self,
	title={Self-supervised visual descriptor learning for dense correspondence},
	author={Schmidt, Tanner and Newcombe, Richard and Fox, Dieter},
	journal={IEEE Robotics and Automation Letters},
	volume={2},
	number={2},
	pages={420--427},
	year={2017},
	publisher={IEEE}
}

@inproceedings{newcombe2011kinectfusion,
	title={KinectFusion: Real-time dense surface mapping and tracking},
	author={Newcombe, Richard A and Izadi, Shahram and Hilliges, Otmar and Molyneaux, David and Kim, David and Davison, Andrew J and Kohi, Pushmeet and Shotton, Jamie and Hodges, Steve and Fitzgibbon, Andrew},
	booktitle={Mixed and augmented reality (ISMAR), 2011 10th IEEE international symposium on},
	pages={127--136},
	year={2011},
	organization={IEEE}
}

@inproceedings{long2015fully,
	title={Fully convolutional networks for semantic segmentation},
	author={Long, Jonathan and Shelhamer, Evan and Darrell, Trevor},
	booktitle={Proceedings of the IEEE Conference on Computer Vision and Pattern Recognition},
	pages={3431--3440},
	year={2015}
}
@article{simonyan2014very,
	title={Very deep convolutional networks for large-scale image recognition},
	author={Simonyan, Karen and Zisserman, Andrew},
	journal={arXiv preprint arXiv:1409.1556},
	year={2014}
}
@article{opencv_library,
	author = {Bradski, G.},
	citeulike-article-id = {2236121},
	journal = {Dr. Dobb's Journal of Software Tools},
	keywords = {bibtex-import},
	posted-at = {2008-01-15 19:21:54},
	priority = {4},
	title = ,
	year = {2000}
}
@inproceedings{lowe1999object,
	title={Object recognition from local scale-invariant features},
	author={Lowe, David G},
	booktitle={Computer vision, 1999. The proceedings of the seventh IEEE international conference on},
	volume={2},
	pages={1150--1157},
	year={1999},
	organization={Ieee}
}
@inproceedings{philbin2007object,
	title={Object retrieval with large vocabularies and fast spatial matching},
	author={Philbin, James and Chum, Ondrej and Isard, Michael and Sivic, Josef and Zisserman, Andrew},
	booktitle={Computer Vision and Pattern Recognition, 2007. CVPR'07. IEEE Conference on},
	pages={1--8},
	year={2007},
	organization={IEEE}
}
@article{lloyd1982least,
	title={Least squares quantization in PCM},
	author={Lloyd, Stuart},
	journal={IEEE transactions on information theory},
	volume={28},
	number={2},
	pages={129--137},
	year={1982},
	publisher={IEEE}
}
